@article{forget_1991,
  title={Improved general circulation models of the Martian atmosphere from the surface to above 80 km},
  author={Forget, Fran{\c{c}}ois and Hourdin, Fr{\'e}d{\'e}ric and Fournier, Richard and Hourdin, Christophe and Talagrand, Olivier and Collins, Matthew and Lewis, Stephen R and Read, Peter L and Huot, Jean-Paul},
  journal={Journal of Geophysical Research: Planets (1991--2012)},
  volume={104},
  number={E10},
  pages={24155--24175},
  year={1999},
  publisher={Wiley Online Library}
}

@article{ref_name,
    title={Sample title},
    author={Arun},
    journal={My Journal},
    volume={127},
    number={5632},
    pages={1--10},
    year={2015},
    publisher={Icarus}
}

@article{gierasch1968study,
  title={A study of the thermal and dynamical structure of the Martian lower atmosphere},
  author={Gierasch, Peter and Goody, Richard},
  journal={Planetary and Space Science},
  volume={16},
  number={5},
  pages={615--646},
  year={1968},
  publisher={Elsevier}
}

@article{conrath1975thermal,
  title={Thermal structure of the Martian atmosphere during the dissipation of the dust storm of 1971},
  author={Conrath, Barney J},
  journal={Icarus},
  volume={24},
  number={1},
  pages={36--46},
  year={1975},
  publisher={Elsevier}
}
